@article{Julia,
author = {Jeff Bezanson and Stefan Karpinski and Viral B. Shah and 
          Alan Edelman},
title = {Julia: {A} Fast Dynamic Language for Technical Computing},
journal = {CoRR},
volume = {abs/1209.5145},
year = {2012},
url = {http://arxiv.org/abs/1209.5145},
timestamp = {Wed, 07 Jun 2017 14:40:52 +0200},
biburl = {http://dblp.uni-trier.de/rec/bib/journals/corr/abs-1209-5145},
bibsource = {dblp computer science bibliography, http://dblp.org}
},

@misc{LinkedIn,
key = {LinkedIn},
title = {LinkedIn},
howpublished = {\url{www.linkedin.com}}
},

@misc{InsightWP,
key = {Insight Data Science Fellows Program},
title = {Insight Data Science White Paper},
howpublished = {\url{xyz.insightdatascience.com/Insight_Data_Science_White_Paper.pdf}},
note = {Accessed: 21-06-2017}
}